@article {Raynaud-Flat-modules,
    AUTHOR = {Raynaud, M.},
     TITLE = {Flat modules in algebraic geometry},
   JOURNAL = {Compositio Math.},
  FJOURNAL = {Compositio Mathematica},
    VOLUME = {24},
      YEAR = {1972},
     PAGES = {11--31},
      ISSN = {0010-437X},
   MRCLASS = {14A05 (13C99)},
  MRNUMBER = {0302645 (46 \#1789)},
MRREVIEWER = {T. Oda},
}

@article {Horrocks-Punctured-spectrum,
    AUTHOR = {Horrocks, G.},
     TITLE = {Vector bundles on the punctured spectrum of a local ring},
   JOURNAL = {Proc. London Math. Soc. (3)},
  FJOURNAL = {Proceedings of the London Mathematical Society. Third Series},
    VOLUME = {14},
      YEAR = {1964},
     PAGES = {689--713},
      ISSN = {0024-6115},
   MRCLASS = {14.55 (16.00)},
  MRNUMBER = {0169877 (30 \#120)},
MRREVIEWER = {M. F. Atiyah},
}

@book {OSS-Vector-bundles,
    AUTHOR = {Okonek, Christian and Schneider, Michael and Spindler, Heinz},
     TITLE = {Vector bundles on complex projective spaces},
    SERIES = {Modern Birkh\"auser Classics},
      NOTE = {Corrected reprint of the 1988 edition,
              With an appendix by S. I. Gelfand},
 PUBLISHER = {Birkh\"auser/Springer Basel AG, Basel},
      YEAR = {2011},
     PAGES = {viii+239},
      ISBN = {978-3-0348-0150-8},
   MRCLASS = {14J60 (14D20)},
  MRNUMBER = {2815674 (2012d:14073)},
}

@article{Reid-surfaces,
author = {Reid, Miles},
journal = {City},
pages = {147},
publisher = {Amer. Math. Soc.},
series = {IAS/Park City Math. Ser.},
title = {{Chapters on algebraic surfaces}},
url = {http://arxiv.org/abs/alg-geom/9602006},
volume = {3},
year = {1996}
}
